<?xml version="1.0" encoding="UTF-8"?><collection xmlns="http://www.loc.gov/MARC21/slim"><record><leader>00669nam--2200205-i-4500</leader><controlfield tag="001">000036264</controlfield><controlfield tag="002">20161230</controlfield><controlfield tag="005">20161230201040</controlfield><controlfield tag="008">060222s1000------------r-----000-0-rus-d</controlfield><datafield ind1=" " ind2=" " tag="040"><subfield code="a">IFIN-HH</subfield></datafield><datafield ind1=" " ind2=" " tag="041"><subfield code="a">rus</subfield></datafield><datafield ind1=" " ind2=" " tag="080"><subfield code="a">530.162</subfield></datafield><datafield ind1="1" ind2=" " tag="100"><subfield code="a">Martin, Paul</subfield></datafield><datafield ind1="1" ind2="0" tag="245"><subfield code="a">Teoria sistem mnogih ceastit</subfield><subfield code="b">Brounovskoe dvijenie kvantovogo ostilliatora</subfield><subfield code="c">Paul martin, julian schwinger</subfield></datafield><datafield ind1=" " ind2=" " tag="260"><subfield code="a">Moskva</subfield><subfield code="b">Inosctrannoi Literaturi</subfield><subfield code="c">1962</subfield></datafield><datafield ind1=" " ind2=" " tag="300"><subfield code="a">168P</subfield></datafield><datafield ind1=" " ind2=" " tag="500"><subfield code="a">Titlul Original In Limba Engleza: Theory Of Many-particle Systems; Prownian Motion Of A Quantum Oscillator</subfield></datafield><datafield ind1="1" ind2=" " tag="700"><subfield code="a">Schwinger, Julian</subfield></datafield><datafield ind1=" " ind2=" " tag="852"><subfield code="a">75485</subfield><subfield code="c">539.141</subfield></datafield><datafield ind1=" " ind2=" " tag="CAT"><subfield code="a">Sys</subfield><subfield code="c">20120418</subfield><subfield code="h">122007</subfield></datafield></record></collection>